@article{jorgensen1983comparison,
  title={Comparison of simple potential functions for simulating liquid water},
  author={Jorgensen, William L and Chandrasekhar, Jayaraman and Madura, Jeffry D and Impey, Roger W and Klein, Michael L},
  journal={The Journal of chemical physics},
  volume={79},
  pages={926},
  year={1983}
}

